@article{Hautier2014,
author = {Hautier, Lionel and Charles, Cyril and Asher, Robert J. and Gaunt, Stephen J.},
doi = {10.1002/jez.b.22590},
issn = {15525007},
journal = {Journal of Experimental Zoology Part B: Molecular and Developmental Evolution},
month = {dec},
number = {8},
pages = {631--642},
publisher = {Wiley-Blackwell},
title = {{Ossification sequence and genetic patterning in the mouse axial skeleton}},
url = {http://doi.wiley.com/10.1002/jez.b.22590},
volume = {322},
year = {2014}
}
